[
    {
        "product_code": "6409072",
        "category": "Bonus Ovenware Credits",
        "item_name": "Coles Finest Carbon Neutral Pork Leg Roast | approx 1kg",
        "best_price": "$16.00",
        "best_unit_price": "$16.00 per 1kg",
        "item_price": "$16.00",
        "unit_price": "$16.00 per 1kg",
        "price_was": null,
        "special_text": "x2 BONUS",
        "promo_text": null,
        "link": "https://www.coles.com.au/product/coles-finest-carbon-neutral-pork-leg-roast-approx.-1kg-6409072"
    },
    {
        "product_code": "8951356",
        "category": "Bonus Ovenware Credits",
        "item_name": "Sanitarium Up&Go Liquid Breakfast Chocolate Ice Fridge Pack 12X250mL | 3L",
        "best_price": "$17.50",
        "best_unit_price": "$5.83 per 1l",
        "item_price": "$17.50",
        "unit_price": "$5.83 per 1l",
        "price_was": null,
        "special_text": "EVERY DAY",
        "promo_text": null,
        "link": "https://www.coles.com.au/product/sanitarium-upandgo-liquid-breakfast-chocolate-ice-fridge-pack-12x250ml-3l-8951356"
    },
    {
        "product_code": "1416296",
        "category": "Bonus Ovenware Credits",
        "item_name": "Continental Macaroni Cheese Pasta & Sauce Serves 3 | 105g",
        "best_price": "$3.00",
        "best_unit_price": "$2.86 per 100g",
        "item_price": "$3.00",
        "unit_price": "$2.86 per 100g",
        "price_was": null,
        "special_text": "x2 BONUS",
        "promo_text": null,
        "link": "https://www.coles.com.au/product/continental-macaroni-cheese-pasta-and-sauce-serves-3-105g-1416296"
    },
    {
        "product_code": "1623472",
        "category": "Bonus Ovenware Credits",
        "item_name": "Sanitarium Up&Go Liquid Breakfast Protein Energize Choc Fridge Pack ... 3L",
        "best_price": "$17.50",
        "best_unit_price": "$5.83 per 1l",
        "item_price": "$17.50",
        "unit_price": "$5.83 per 1l",
        "price_was": null,
        "special_text": "EVERY DAY",
        "promo_text": null,
        "link": "https://www.coles.com.au/product/sanitarium-upandgo-liquid-breakfast-protein-energize-choc-fridge-pack-12x250ml-3l-1623472"
    },
    {
        "product_code": "4727383",
        "category": "Bonus Ovenware Credits",
        "item_name": "Continental Alfredo Family Pasta And Sauce | 145g",
        "best_price": "$3.0",
        "best_unit_price": "$2.62 per 100g",
        "item_price": "$3.80",
        "unit_price": "$2.62 per 100g",
        "price_was": null,
        "special_text": "SPECIAL",
        "promo_text": "2 for $6",
        "link": "https://www.coles.com.au/product/continental-alfredo-family-pasta-and-sauce-145g-4727383"
    },
    {
        "product_code": "4725694",
        "category": "Bonus Ovenware Credits",
        "item_name": "Continental Pasta & Sauce Creamy Bacon Carbonara | 85g",
        "best_price": "$3.00",
        "best_unit_price": "$3.53 per 100g",
        "item_price": "$3.00",
        "unit_price": "$3.53 per 100g",
        "price_was": null,
        "special_text": "x2 BONUS",
        "promo_text": null,
        "link": "https://www.coles.com.au/product/continental-pasta-and-sauce-creamy-bacon-carbonara-85g-4725694"
    },
    {
        "product_code": "4727372",
        "category": "Bonus Ovenware Credits",
        "item_name": "Continental Pasta & Sauce Family Bacon Carbonara | 145g",
        "best_price": "$3.0",
        "best_unit_price": "$2.62 per 100g",
        "item_price": "$3.80",
        "unit_price": "$2.62 per 100g",
        "price_was": null,
        "special_text": "SPECIAL",
        "promo_text": "2 for $6",
        "link": "https://www.coles.com.au/product/continental-pasta-and-sauce-family-bacon-carbonara-145g-4727372"
    },
    {
        "product_code": "1170130",
        "category": "Bonus Ovenware Credits",
        "item_name": "Sanitarium Up&Go Liquid Breakfast Vanilla Ice Fridge Pack 12X250mL | 3L",
        "best_price": "$17.50",
        "best_unit_price": "$5.83 per 1l",
        "item_price": "$17.50",
        "unit_price": "$5.83 per 1l",
        "price_was": null,
        "special_text": "EVERY DAY",
        "promo_text": null,
        "link": "https://www.coles.com.au/product/sanitarium-upandgo-liquid-breakfast-vanilla-ice-fridge-pack-12x250ml-3l-1170130"
    },
    {
        "product_code": "8918099",
        "category": "Bonus Ovenware Credits",
        "item_name": "Continental Chicken Rice Serves 3 | 120g",
        "best_price": "$3.20",
        "best_unit_price": "$2.67 per 100g",
        "item_price": "$3.20",
        "unit_price": "$2.67 per 100g",
        "price_was": null,
        "special_text": "x2 BONUS",
        "promo_text": null,
        "link": "https://www.coles.com.au/product/continental-chicken-rice-serves-3-120g-8918099"
    },
    {
        "product_code": "5431510",
        "category": "Bonus Ovenware Credits",
        "item_name": "Continental Oriental Fried Rice | 115g",
        "best_price": "$3.20",
        "best_unit_price": "$2.78 per 100g",
        "item_price": "$3.20",
        "unit_price": "$2.78 per 100g",
        "price_was": null,
        "special_text": "x2 BONUS",
        "promo_text": null,
        "link": "https://www.coles.com.au/product/continental-oriental-fried-rice-115g-5431510"
    },
    {
        "product_code": "4174794",
        "category": "Meat & Seafood",
        "item_name": "Coles Boneless Pork Leg Roast | approx 2.1kg",
        "best_price": "$14.70",
        "best_unit_price": "$7.00 per 1kg",
        "item_price": "$14.70",
        "unit_price": "$7.00 per 1kg",
        "price_was": "23.10",
        "special_text": "SPECIAL",
        "promo_text": null,
        "link": "https://www.coles.com.au/product/coles-boneless-pork-leg-roast-approx.-2.1kg-4174794"
    },
    {
        "product_code": "9224255",
        "category": "Meat & Seafood",
        "item_name": "Cleaver's Organic Grass-Fed Premium Beef Mince | 500g",
        "best_price": "$10.0",
        "best_unit_price": "$28.00 per 1kg",
        "item_price": "$14.00",
        "unit_price": "$28.00 per 1kg",
        "price_was": null,
        "special_text": "ONLINE ONLY",
        "promo_text": "5 for $50",
        "link": "https://www.coles.com.au/product/cleaver's-organic-grass-fed-premium-beef-mince-500g-9224255"
    },
    {
        "product_code": "9223332",
        "category": "Meat & Seafood",
        "item_name": "Cleaver's Organic Grass-Fed Extra Lean Beef Mince | 500g",
        "best_price": "$15.00",
        "best_unit_price": "$30.00 per 1kg",
        "item_price": "$15.00",
        "unit_price": "$30.00 per 1kg",
        "price_was": null,
        "special_text": null,
        "promo_text": null,
        "link": "https://www.coles.com.au/product/cleaver's-organic-grass-fed-extra-lean-beef-mince-500g-9223332"
    },
    {
        "product_code": "5285371",
        "category": "Meat & Seafood",
        "item_name": "Tassal Salmon Portions Skin On | 300g",
        "best_price": "$16.00",
        "best_unit_price": "$53.34 per 1",
        "item_price": "$16.00",
        "unit_price": "$53.34 per 1",
        "price_was": "18.00 on mar 2024",
        "special_text": "DOWN DOWN",
        "promo_text": null,
        "link": "https://www.coles.com.au/product/tassal-salmon-portions-skin-on-300g-5285371"
    },
    {
        "product_code": "7382539",
        "category": "Meat & Seafood",
        "item_name": "The Bare Bird Chicken Thigh Fillets | 480g",
        "best_price": "$13.00",
        "best_unit_price": "$27.08 per 1kg",
        "item_price": "$13.00",
        "unit_price": "$27.08 per 1kg",
        "price_was": null,
        "special_text": null,
        "promo_text": null,
        "link": "https://www.coles.com.au/product/the-bare-bird-chicken-thigh-fillets-480g-7382539"
    },
    {
        "product_code": "5285280",
        "category": "Meat & Seafood",
        "item_name": "Tassal Fresh Tassie Salmon Portions Skin Off | 300g",
        "best_price": "$17.00",
        "best_unit_price": "$56.67 per 1",
        "item_price": "$17.00",
        "unit_price": "$56.67 per 1",
        "price_was": "19.00 on mar 2024",
        "special_text": "DOWN DOWN",
        "promo_text": null,
        "link": "https://www.coles.com.au/product/tassal-fresh-tassie-salmon-portions-skin-off-300g-5285280"
    },
    {
        "product_code": "3091126",
        "category": "Meat & Seafood",
        "item_name": "The Bare Bird Whole Chicken | approx 1.6kg",
        "best_price": "$13.60",
        "best_unit_price": "$8.50 per 1kg",
        "item_price": "$13.60",
        "unit_price": "$8.50 per 1kg",
        "price_was": null,
        "special_text": null,
        "promo_text": null,
        "link": "https://www.coles.com.au/product/the-bare-bird-whole-chicken-approx.-1.6kg-each-3091126"
    },
    {
        "product_code": "3729747",
        "category": "Meat & Seafood",
        "item_name": "Tassal Tasmanian Smoked Salmon | 100g",
        "best_price": "$9.00",
        "best_unit_price": "$90.00 per 1kg",
        "item_price": "$9.00",
        "unit_price": "$90.00 per 1kg",
        "price_was": "11.50",
        "special_text": "SPECIAL",
        "promo_text": null,
        "link": "https://www.coles.com.au/product/tassal-tasmanian-smoked-salmon-100g-3729747"
    },
    {
        "product_code": "7362270",
        "category": "Meat & Seafood",
        "item_name": "The Bare Bird Chicken Breast Fillet | 600g",
        "best_price": "$13.00",
        "best_unit_price": "$21.67 per 1kg",
        "item_price": "$13.00",
        "unit_price": "$21.67 per 1kg",
        "price_was": null,
        "special_text": null,
        "promo_text": null,
        "link": "https://www.coles.com.au/product/the-bare-bird-chicken-breast-fillet-600g-7362270"
    },
    {
        "product_code": "7382492",
        "category": "Meat & Seafood",
        "item_name": "The Bare Bird Chicken Drumsticks | 460g",
        "best_price": "$5.00",
        "best_unit_price": "$10.87 per 1kg",
        "item_price": "$5.00",
        "unit_price": "$10.87 per 1kg",
        "price_was": null,
        "special_text": null,
        "promo_text": null,
        "link": "https://www.coles.com.au/product/the-bare-bird-chicken-drumsticks-460g-7382492"
    },
    {
        "product_code": "2744359",
        "category": "Dairy, Eggs & Fridge",
        "item_name": "Tamar Valley Kids Greek Strawberry Yoghurt Pouch | 110g",
        "best_price": "$1.60",
        "best_unit_price": "$1.45 per 100g",
        "item_price": "$1.60",
        "unit_price": "$1.45 per 100g",
        "price_was": "2.40",
        "special_text": "SPECIAL",
        "promo_text": null,
        "link": "https://www.coles.com.au/product/tamar-valley-kids-greek-strawberry-yoghurt-pouch-110g-2744359"
    },
    {
        "product_code": "5407446",
        "category": "Dairy, Eggs & Fridge",
        "item_name": "Veef Plant Based Premium Beef Burger | 240g",
        "best_price": "$6.00",
        "best_unit_price": "$2.50 per 10",
        "item_price": "$6.00",
        "unit_price": "$2.50 per 10",
        "price_was": "8.50 on apr 2024",
        "special_text": "DOWN DOWN",
        "promo_text": null,
        "link": "https://www.coles.com.au/product/veef-plant-based-premium-beef-burger-240g-5407446"
    },
    {
        "product_code": "5376659",
        "category": "Dairy, Eggs & Fridge",
        "item_name": "Lurpak Butter Spreadable Slightly Salted | 400g",
        "best_price": "$7.50",
        "best_unit_price": "$1.88 per 100g",
        "item_price": "$7.50",
        "unit_price": "$1.88 per 100g",
        "price_was": null,
        "special_text": "EVERY DAY",
        "promo_text": null,
        "link": "https://www.coles.com.au/product/lurpak-butter-spreadable-slightly-salted-400g-5376659"
    },
    {
        "product_code": "5400200",
        "category": "Dairy, Eggs & Fridge",
        "item_name": "Veef Planted Based Crumbed Chicken Tenders | 210g",
        "best_price": "$6.00",
        "best_unit_price": "$2.86 per 10",
        "item_price": "$6.00",
        "unit_price": "$2.86 per 10",
        "price_was": "8.50 on apr 2024",
        "special_text": "DOWN DOWN",
        "promo_text": null,
        "link": "https://www.coles.com.au/product/veef-planted-based-crumbed-chicken-tenders-210g-5400200"
    },
    {
        "product_code": "2008750",
        "category": "Dairy, Eggs & Fridge",
        "item_name": "Obela Classic Smooth Hommus | 220g",
        "best_price": "$4.00",
        "best_unit_price": "$1.82 per 100g",
        "item_price": "$4.00",
        "unit_price": "$1.82 per 100g",
        "price_was": "5.00",
        "special_text": "SPECIAL",
        "promo_text": null,
        "link": "https://www.coles.com.au/product/obela-classic-smooth-hommus-220g-2008750"
    },
    {
        "product_code": "3349837",
        "category": "Dairy, Eggs & Fridge",
        "item_name": "Fresh Fodder Taramosalata Dip | 200g",
        "best_price": "$4.0",
        "best_unit_price": "$2.70 per 100g",
        "item_price": "$5.40",
        "unit_price": "$2.70 per 100g",
        "price_was": null,
        "special_text": "SPECIAL",
        "promo_text": "2 for $8",
        "link": "https://www.coles.com.au/product/fresh-fodder-taramosalata-dip-200g-3349837"
    },
    {
        "product_code": "3986783",
        "category": "Dairy, Eggs & Fridge",
        "item_name": "Obela Hommus Pistachio Lemon Dukkah | 220g",
        "best_price": "$5.50",
        "best_unit_price": "$2.50 per 100g",
        "item_price": "$5.50",
        "unit_price": "$2.50 per 100g",
        "price_was": null,
        "special_text": null,
        "promo_text": null,
        "link": "https://www.coles.com.au/product/obela-hommus-pistachio-lemon-dukkah-220g-3986783"
    },
    {
        "product_code": "5448589",
        "category": "Dairy, Eggs & Fridge",
        "item_name": "Olive Grove Classic Olive Oil Margarine Tub | 500g",
        "best_price": "$6.30",
        "best_unit_price": "$1.26 per 100g",
        "item_price": "$6.30",
        "unit_price": "$1.26 per 100g",
        "price_was": null,
        "special_text": null,
        "promo_text": null,
        "link": "https://www.coles.com.au/product/olive-grove-classic-olive-oil-margarine-tub-500g-5448589"
    },
    {
        "product_code": "3775970",
        "category": "Dairy, Eggs & Fridge",
        "item_name": "Herbert Adams Quiche Pumpkin Parmesan Spinach | 200g",
        "best_price": "$6.0",
        "best_unit_price": "$3.65 per 100g",
        "item_price": "$7.30",
        "unit_price": "$3.65 per 100g",
        "price_was": null,
        "special_text": "SPECIAL",
        "promo_text": "2 for $12",
        "link": "https://www.coles.com.au/product/herbert-adams-quiche-pumpkin-parmesan-spinach-200g-3775970"
    },
    {
        "product_code": "224267",
        "category": "Dairy, Eggs & Fridge",
        "item_name": "Meadow Lea Original Margarine Spread | 1kg",
        "best_price": "$6.65",
        "best_unit_price": "$0.67 per 10",
        "item_price": "$6.65",
        "unit_price": "$0.67 per 10",
        "price_was": "7.00 on apr 2024",
        "special_text": "DOWN DOWN",
        "promo_text": null,
        "link": "https://www.coles.com.au/product/meadow-lea-original-margarine-spread-1kg-224267"
    },
    {
        "product_code": "8956156",
        "category": "Bakery",
        "item_name": "Tip Top The One White Sandwich Bread | 700g",
        "best_price": "$4.40",
        "best_unit_price": "$0.63 per 100g",
        "item_price": "$4.40",
        "unit_price": "$0.63 per 100g",
        "price_was": null,
        "special_text": "EVERY DAY",
        "promo_text": null,
        "link": "https://www.coles.com.au/product/tip-top-the-one-white-sandwich-bread-700g-8956156"
    },
    {
        "product_code": "5137320",
        "category": "Bakery",
        "item_name": "Tip Top Wholemeal English Muffins | 6 pack",
        "best_price": "$3.00",
        "best_unit_price": "$0.50 per 1ea",
        "item_price": "$3.00",
        "unit_price": "$0.50 per 1ea",
        "price_was": "6.00",
        "special_text": "50%",
        "promo_text": null,
        "link": "https://www.coles.com.au/product/tip-top-wholemeal-english-muffins-6-pack-5137320"
    },
    {
        "product_code": "8956189",
        "category": "Bakery",
        "item_name": "Tip Top The One White Toast Bread | 700g",
        "best_price": "$4.40",
        "best_unit_price": "$0.63 per 100g",
        "item_price": "$4.40",
        "unit_price": "$0.63 per 100g",
        "price_was": null,
        "special_text": "EVERY DAY",
        "promo_text": null,
        "link": "https://www.coles.com.au/product/tip-top-the-one-white-toast-bread-700g-8956189"
    },
    {
        "product_code": "5703766",
        "category": "Bakery",
        "item_name": "Tip Top Cafe Bread Raisin Toast | 650g",
        "best_price": "$5.00",
        "best_unit_price": "$0.77 per 10",
        "item_price": "$5.00",
        "unit_price": "$0.77 per 10",
        "price_was": "6.90 on apr 2024",
        "special_text": "DOWN DOWN",
        "promo_text": null,
        "link": "https://www.coles.com.au/product/tip-top-cafe-bread-raisin-toast-650g-5703766"
    },
    {
        "product_code": "6955662",
        "category": "Bakery",
        "item_name": "Mission Original Wraps 8 pack | 567g",
        "best_price": "$5.50",
        "best_unit_price": "$0.97 per 100g",
        "item_price": "$5.50",
        "unit_price": "$0.97 per 100g",
        "price_was": null,
        "special_text": null,
        "promo_text": null,
        "link": "https://www.coles.com.au/product/mission-original-wraps-8-pack-567g-6955662"
    },
    {
        "product_code": "1139480",
        "category": "Bakery",
        "item_name": "Tip Top The One Wholemeal Sandwich Bread | 700g",
        "best_price": "$4.40",
        "best_unit_price": "$0.63 per 100g",
        "item_price": "$4.40",
        "unit_price": "$0.63 per 100g",
        "price_was": null,
        "special_text": "EVERY DAY",
        "promo_text": null,
        "link": "https://www.coles.com.au/product/tip-top-the-one-wholemeal-sandwich-bread-700g-1139480"
    },
    {
        "product_code": "7024470",
        "category": "Bakery",
        "item_name": "Tip Top Raisin Toast Bread | 520g",
        "best_price": "$5.20",
        "best_unit_price": "$1.00 per 100g",
        "item_price": "$5.20",
        "unit_price": "$1.00 per 100g",
        "price_was": null,
        "special_text": null,
        "promo_text": null,
        "link": "https://www.coles.com.au/product/tip-top-raisin-toast-bread-520g-7024470"
    },
    {
        "product_code": "7856644",
        "category": "Bakery",
        "item_name": "Toscano Toasting Waffle Classic | 160g",
        "best_price": "$5.50",
        "best_unit_price": "$3.44 per 100g",
        "item_price": "$5.50",
        "unit_price": "$3.44 per 100g",
        "price_was": null,
        "special_text": "NEW",
        "promo_text": null,
        "link": "https://www.coles.com.au/product/toscano-toasting-waffle-classic-160g-7856644"
    },
    {
        "product_code": "5111440",
        "category": "Bakery",
        "item_name": "Noshu 95% Sugar Free Banana Bread Slices | 240g",
        "best_price": "$7.50",
        "best_unit_price": "$3.13 per 100g",
        "item_price": "$7.50",
        "unit_price": "$3.13 per 100g",
        "price_was": null,
        "special_text": null,
        "promo_text": null,
        "link": "https://www.coles.com.au/product/noshu-95percent-sugar-free-banana-bread-slices-240g-5111440"
    },
    {
        "product_code": "293099",
        "category": "Bakery",
        "item_name": "Tip Top Multigrain English Muffins | 6 pack",
        "best_price": "$3.00",
        "best_unit_price": "$0.50 per 1ea",
        "item_price": "$3.00",
        "unit_price": "$0.50 per 1ea",
        "price_was": "6.00",
        "special_text": "50%",
        "promo_text": null,
        "link": "https://www.coles.com.au/product/tip-top-multigrain-english-muffins-6-pack-293099"
    },
    {
        "product_code": "8836813",
        "category": "Deli",
        "item_name": "Coles Deli Thawed Australian MSC Raw Banana Pra ... approx 250g",
        "best_price": "$5.00",
        "best_unit_price": "$20.00 per 1kg",
        "item_price": "$5.00",
        "unit_price": "$20.00 per 1kg",
        "price_was": null,
        "special_text": null,
        "promo_text": null,
        "link": "https://www.coles.com.au/product/coles-deli-thawed-australian-msc-raw-banana-prawns-approx.-250g-8836813"
    },
    {
        "product_code": "4238285",
        "category": "Deli",
        "item_name": "Primo Dairy Short Cut Rindless Bacon | 750g",
        "best_price": "$12.50",
        "best_unit_price": "$16.67 per 1kg",
        "item_price": "$12.50",
        "unit_price": "$16.67 per 1kg",
        "price_was": "16.80",
        "special_text": "SPECIAL",
        "promo_text": null,
        "link": "https://www.coles.com.au/product/primo-dairy-short-cut-rindless-bacon-750g-4238285"
    },
    {
        "product_code": "3055494",
        "category": "Deli",
        "item_name": "Primo Streaky Rindless Bacon | 200g",
        "best_price": "$5.7",
        "best_unit_price": "$34.00 per 1kg",
        "item_price": "$6.80",
        "unit_price": "$34.00 per 1kg",
        "price_was": null,
        "special_text": "SPECIAL",
        "promo_text": "2 for $11.40",
        "link": "https://www.coles.com.au/product/primo-streaky-rindless-bacon-200g-3055494"
    },
    {
        "product_code": "4260568",
        "category": "Deli",
        "item_name": "Primo Short Cut Bacon | 200g",
        "best_price": "$5.7",
        "best_unit_price": "$34.00 per 1kg",
        "item_price": "$6.80",
        "unit_price": "$34.00 per 1kg",
        "price_was": null,
        "special_text": "SPECIAL",
        "promo_text": "2 for $11.40",
        "link": "https://www.coles.com.au/product/primo-short-cut-bacon-200g-4260568"
    },
    {
        "product_code": "4261040",
        "category": "Deli",
        "item_name": "Primo Streaky Bacon | 650g",
        "best_price": "$12.50",
        "best_unit_price": "$19.23 per 1kg",
        "item_price": "$12.50",
        "unit_price": "$19.23 per 1kg",
        "price_was": "16.80",
        "special_text": "SPECIAL",
        "promo_text": null,
        "link": "https://www.coles.com.au/product/primo-streaky-bacon-650g-4261040"
    },
    {
        "product_code": "4258996",
        "category": "Deli",
        "item_name": "Primo Middle Bacon | 750g",
        "best_price": "$12.50",
        "best_unit_price": "$16.67 per 1kg",
        "item_price": "$12.50",
        "unit_price": "$16.67 per 1kg",
        "price_was": "16.80",
        "special_text": "SPECIAL",
        "promo_text": null,
        "link": "https://www.coles.com.au/product/primo-middle-bacon-750g-4258996"
    },
    {
        "product_code": "4259897",
        "category": "Deli",
        "item_name": "Primo Rindless Middle Bacon | 250g",
        "best_price": "$5.7",
        "best_unit_price": "$27.20 per 1kg",
        "item_price": "$6.80",
        "unit_price": "$27.20 per 1kg",
        "price_was": null,
        "special_text": "SPECIAL",
        "promo_text": "2 for $11.40",
        "link": "https://www.coles.com.au/product/primo-rindless-middle-bacon-250g-4259897"
    },
    {
        "product_code": "5008360",
        "category": "Deli",
        "item_name": "Primo Short Cut Salt Reduced Rindless Bacon | 200g",
        "best_price": "$5.7",
        "best_unit_price": "$34.00 per 1kg",
        "item_price": "$6.80",
        "unit_price": "$34.00 per 1kg",
        "price_was": null,
        "special_text": "SPECIAL",
        "promo_text": "2 for $11.40",
        "link": "https://www.coles.com.au/product/primo-short-cut-salt-reduced-rindless-bacon-200g-5008360"
    },
    {
        "product_code": "2686693",
        "category": "Deli",
        "item_name": "Coles Deli Thawed Australian Cooked Black Tiger Praw ... approx 250g",
        "best_price": "$7.50",
        "best_unit_price": "$30.00 per 1kg",
        "item_price": "$7.50",
        "unit_price": "$30.00 per 1kg",
        "price_was": "9.00",
        "special_text": "SPECIAL",
        "promo_text": null,
        "link": "https://www.coles.com.au/product/coles-deli-thawed-australian-cooked-black-tiger-prawns-extra-large-approx.-250g-2686693"
    },
    {
        "product_code": "3954674",
        "category": "Deli",
        "item_name": "Coles Deli Thawed Raw Black Tiger Prawns | approx 250g",
        "best_price": "$6.50",
        "best_unit_price": "$26.00 per 1kg",
        "item_price": "$6.50",
        "unit_price": "$26.00 per 1kg",
        "price_was": "7.25",
        "special_text": "SPECIAL",
        "promo_text": null,
        "link": "https://www.coles.com.au/product/coles-deli-thawed-raw-black-tiger-prawns-approx.-250g-3954674"
    },
    {
        "product_code": "1581871",
        "category": "Pantry",
        "item_name": "Ferrero Collection  Rocher Raffaello Rondnoir Chocolate Gift Box ... 269g",
        "best_price": "$28.00",
        "best_unit_price": "$10.41 per 100g",
        "item_price": "$28.00",
        "unit_price": "$10.41 per 100g",
        "price_was": null,
        "special_text": null,
        "promo_text": null,
        "link": "https://www.coles.com.au/product/ferrero-collection-rocher-raffaello-rondnoir-chocolate-gift-box-24-pack-269g-1581871"
    },
    {
        "product_code": "6311127",
        "category": "Pantry",
        "item_name": "Mutti Polpa Tomatoes Finely Chopped | 400g",
        "best_price": "$2.30",
        "best_unit_price": "$5.75 per 1kg",
        "item_price": "$2.30",
        "unit_price": "$5.75 per 1kg",
        "price_was": null,
        "special_text": null,
        "promo_text": null,
        "link": "https://www.coles.com.au/product/mutti-polpa-tomatoes-finely-chopped-400g-6311127"
    },
    {
        "product_code": "3883860",
        "category": "Pantry",
        "item_name": "Mutti Polpa Tomatoes | 790g",
        "best_price": "$3.40",
        "best_unit_price": "$4.30 per 1kg",
        "item_price": "$3.40",
        "unit_price": "$4.30 per 1kg",
        "price_was": "4.30",
        "special_text": "SPECIAL",
        "promo_text": null,
        "link": "https://www.coles.com.au/product/mutti-polpa-tomatoes-790g-3883860"
    },
    {
        "product_code": "7010920",
        "category": "Pantry",
        "item_name": "Old El Paso Enchilada Kit Mexican Style | 520g",
        "best_price": "$4.25",
        "best_unit_price": "$0.82 per 100g",
        "item_price": "$4.25",
        "unit_price": "$0.82 per 100g",
        "price_was": "8.50",
        "special_text": "50%",
        "promo_text": null,
        "link": "https://www.coles.com.au/product/old-el-paso-enchilada-kit-mexican-style-520g-7010920"
    },
    {
        "product_code": "5293041",
        "category": "Pantry",
        "item_name": "Old El Paso Hard N Soft Taco Kit Mexican Style | 350g",
        "best_price": "$4.75",
        "best_unit_price": "$1.36 per 100g",
        "item_price": "$4.75",
        "unit_price": "$1.36 per 100g",
        "price_was": "9.50",
        "special_text": "50%",
        "promo_text": null,
        "link": "https://www.coles.com.au/product/old-el-paso-hard-n-soft-taco-kit-mexican-style-350g-5293041"
    },
    {
        "product_code": "1274464",
        "category": "Pantry",
        "item_name": "Dolmio Extra Tomato, Onion & Roast Garlic Pasta Sauce | 500g",
        "best_price": "$4.60",
        "best_unit_price": "$0.92 per 100g",
        "item_price": "$4.60",
        "unit_price": "$0.92 per 100g",
        "price_was": null,
        "special_text": null,
        "promo_text": null,
        "link": "https://www.coles.com.au/product/dolmio-extra-tomato-onion-and-roast-garlic-pasta-sauce-500g-1274464"
    },
    {
        "product_code": "5540231",
        "category": "Pantry",
        "item_name": "Old El Paso Soft Taco Kit Mexican Style | 405g",
        "best_price": "$4.25",
        "best_unit_price": "$1.05 per 100g",
        "item_price": "$4.25",
        "unit_price": "$1.05 per 100g",
        "price_was": "8.50",
        "special_text": "50%",
        "promo_text": null,
        "link": "https://www.coles.com.au/product/old-el-paso-soft-taco-kit-mexican-style-405g-5540231"
    },
    {
        "product_code": "291377",
        "category": "Pantry",
        "item_name": "Old El Paso Spice Mix For Tacos Mild | 30g",
        "best_price": "$3.00",
        "best_unit_price": "$10.00 per 100g",
        "item_price": "$3.00",
        "unit_price": "$10.00 per 100g",
        "price_was": null,
        "special_text": null,
        "promo_text": null,
        "link": "https://www.coles.com.au/product/old-el-paso-spice-mix-for-tacos-mild-30g-291377"
    },
    {
        "product_code": "1274373",
        "category": "Pantry",
        "item_name": "Dolmio Extra Bolognese Pasta Sauce | 500g",
        "best_price": "$4.60",
        "best_unit_price": "$0.92 per 100g",
        "item_price": "$4.60",
        "unit_price": "$0.92 per 100g",
        "price_was": null,
        "special_text": null,
        "promo_text": null,
        "link": "https://www.coles.com.au/product/dolmio-extra-bolognese-pasta-sauce-500g-1274373"
    },
    {
        "product_code": "4565292",
        "category": "Pantry",
        "item_name": "Old El Paso Stand N Stuff Taco Shell 10 Pack | 160g",
        "best_price": "$5.50",
        "best_unit_price": "$3.44 per 100g",
        "item_price": "$5.50",
        "unit_price": "$3.44 per 100g",
        "price_was": null,
        "special_text": null,
        "promo_text": null,
        "link": "https://www.coles.com.au/product/old-el-paso-stand-n-stuff-taco-shell-10-pack-160g-4565292"
    },
    {
        "product_code": "8147115",
        "category": "Drinks",
        "item_name": "Just Juice Apple Juice Multipack 200mL | 6 pack",
        "best_price": "$6.30",
        "best_unit_price": "$5.25 per 1l",
        "item_price": "$6.30",
        "unit_price": "$5.25 per 1l",
        "price_was": null,
        "special_text": null,
        "promo_text": null,
        "link": "https://www.coles.com.au/product/just-juice-apple-juice-multipack-200ml-6-pack-8147115"
    },
    {
        "product_code": "7714661",
        "category": "Drinks",
        "item_name": "Fanta Pineapple Zero Sugar Soft Drink | 1.25L",
        "best_price": "$2.8",
        "best_unit_price": "$3.08 per 1l",
        "item_price": "$3.85",
        "unit_price": "$3.08 per 1l",
        "price_was": null,
        "special_text": "SPECIAL",
        "promo_text": "2 for $5.60",
        "link": "https://www.coles.com.au/product/fanta-pineapple-zero-sugar-soft-drink-1.25l-7714661"
    },
    {
        "product_code": "3738420",
        "category": "Drinks",
        "item_name": "Mount Franklin Lightly Sparkling Water Lime | 10 pack",
        "best_price": "$19.00",
        "best_unit_price": "$1.90 per 1ea",
        "item_price": "$19.00",
        "unit_price": "$1.90 per 1ea",
        "price_was": null,
        "special_text": null,
        "promo_text": null,
        "link": "https://www.coles.com.au/product/mount-franklin-lightly-sparkling-water-lime-10-pack-3738420"
    },
    {
        "product_code": "3847914",
        "category": "Drinks",
        "item_name": "Mount Franklin Lightly Sparkling Water Passionfruit | 10 pack",
        "best_price": "$19.00",
        "best_unit_price": "$1.90 per 1ea",
        "item_price": "$19.00",
        "unit_price": "$1.90 per 1ea",
        "price_was": null,
        "special_text": null,
        "promo_text": null,
        "link": "https://www.coles.com.au/product/mount-franklin-lightly-sparkling-water-passionfruit-10-pack-3847914"
    },
    {
        "product_code": "9125209",
        "category": "Drinks",
        "item_name": "Kirks Pasito Passionfruit Soft Drink 10x375mL | 10 Pack",
        "best_price": "$8.70",
        "best_unit_price": "$2.32 per 1l",
        "item_price": "$8.70",
        "unit_price": "$2.32 per 1l",
        "price_was": "14.50",
        "special_text": "SPECIAL",
        "promo_text": null,
        "link": "https://www.coles.com.au/product/kirks-pasito-passionfruit-soft-drink-10x375ml-10-pack-9125209"
    },
    {
        "product_code": "6266929",
        "category": "Drinks",
        "item_name": "Mount Franklin Sparkling Water Cans Passionfruit 6X250mL | 6 pack",
        "best_price": "$5.75",
        "best_unit_price": "$3.83 per 1l",
        "item_price": "$5.75",
        "unit_price": "$3.83 per 1l",
        "price_was": "9.20",
        "special_text": "SPECIAL",
        "promo_text": null,
        "link": "https://www.coles.com.au/product/mount-franklin-sparkling-water-cans-passionfruit-6x250ml-6-pack-6266929"
    },
    {
        "product_code": "5622960",
        "category": "Drinks",
        "item_name": "Mount Franklin Lightly Sparkling Water Lime Multipack Mini C ... 6 pack",
        "best_price": "$5.75",
        "best_unit_price": "$3.83 per 1l",
        "item_price": "$5.75",
        "unit_price": "$3.83 per 1l",
        "price_was": "9.20",
        "special_text": "SPECIAL",
        "promo_text": null,
        "link": "https://www.coles.com.au/product/mount-franklin-lightly-sparkling-water-lime-multipack-mini-cans-6-x-250ml-6-pack-5622960"
    },
    {
        "product_code": "5623601",
        "category": "Drinks",
        "item_name": "Mount Franklin Lightly Sparkling Water Watermelon | 10 pack",
        "best_price": "$19.00",
        "best_unit_price": "$5.07 per 1l",
        "item_price": "$19.00",
        "unit_price": "$5.07 per 1l",
        "price_was": null,
        "special_text": null,
        "promo_text": null,
        "link": "https://www.coles.com.au/product/mount-franklin-lightly-sparkling-water-watermelon-10-pack-5623601"
    },
    {
        "product_code": "9125082",
        "category": "Drinks",
        "item_name": "Kirks Creaming Soda Soft Drink Multipack Cans 10 x 375mL | 10 pack",
        "best_price": "$8.70",
        "best_unit_price": "$2.32 per 1l",
        "item_price": "$8.70",
        "unit_price": "$2.32 per 1l",
        "price_was": "14.50",
        "special_text": "SPECIAL",
        "promo_text": null,
        "link": "https://www.coles.com.au/product/kirks-creaming-soda-soft-drink-multipack-cans-10-x-375ml-10-pack-9125082"
    },
    {
        "product_code": "9124920",
        "category": "Drinks",
        "item_name": "Kirks Lemonade Soft Drink 10x375mL | 10 Pack",
        "best_price": "$8.70",
        "best_unit_price": "$2.32 per 1l",
        "item_price": "$8.70",
        "unit_price": "$2.32 per 1l",
        "price_was": "14.50",
        "special_text": "SPECIAL",
        "promo_text": null,
        "link": "https://www.coles.com.au/product/kirks-lemonade-soft-drink-10x375ml-10-pack-9124920"
    },
    {
        "product_code": "6542651",
        "category": "Frozen",
        "item_name": "Coles Finest Goats Cheese Polenta Chips | 200g",
        "best_price": "$7.00",
        "best_unit_price": "$3.50 per 100g",
        "item_price": "$7.00",
        "unit_price": "$3.50 per 100g",
        "price_was": null,
        "special_text": "x2 BONUS",
        "promo_text": null,
        "link": "https://www.coles.com.au/product/coles-finest-goats-cheese-polenta-chips-200g-6542651"
    },
    {
        "product_code": "9611648",
        "category": "Frozen",
        "item_name": "Streets Golden Gaytime Ice Cream Sticks 4 pack | 400mL",
        "best_price": "$6.0",
        "best_unit_price": "$2.50 per 100ml",
        "item_price": "$10.00",
        "unit_price": "$2.50 per 100ml",
        "price_was": null,
        "special_text": "ONLINE ONLY",
        "promo_text": "2 for $12",
        "link": "https://www.coles.com.au/product/streets-golden-gaytime-ice-cream-sticks-4-pack-400ml-9611648"
    },
    {
        "product_code": "4495991",
        "category": "Frozen",
        "item_name": "Gym Bod Cookies And Cream | 475mL",
        "best_price": "$8.0",
        "best_unit_price": "$2.21 per 100ml",
        "item_price": "$10.50",
        "unit_price": "$2.21 per 100ml",
        "price_was": null,
        "special_text": "ONLINE ONLY",
        "promo_text": "2 for $16",
        "link": "https://www.coles.com.au/product/gym-bod-cookies-and-cream-475ml-4495991"
    },
    {
        "product_code": "7748481",
        "category": "Frozen",
        "item_name": "Ben & Jerry's Ice Cream Dulce Delish Sundae | 427mL",
        "best_price": "$14.50",
        "best_unit_price": "$3.40 per 100ml",
        "item_price": "$14.50",
        "unit_price": "$3.40 per 100ml",
        "price_was": null,
        "special_text": null,
        "promo_text": null,
        "link": "https://www.coles.com.au/product/ben-and-jerry's-ice-cream-dulce-delish-sundae-427ml-7748481"
    },
    {
        "product_code": "7074923",
        "category": "Frozen",
        "item_name": "Gym Bod Ice Cream Strawberry Shortcake | 475mL",
        "best_price": "$8.0",
        "best_unit_price": "$2.21 per 100ml",
        "item_price": "$10.50",
        "unit_price": "$2.21 per 100ml",
        "price_was": null,
        "special_text": "ONLINE ONLY",
        "promo_text": "2 for $16",
        "link": "https://www.coles.com.au/product/gym-bod-ice-cream-strawberry-shortcake-475ml-7074923"
    },
    {
        "product_code": "7074934",
        "category": "Frozen",
        "item_name": "Gym Bod Ice Cream Vanilla Caramel Swirl | 475mL",
        "best_price": "$8.0",
        "best_unit_price": "$2.21 per 100ml",
        "item_price": "$10.50",
        "unit_price": "$2.21 per 100ml",
        "price_was": null,
        "special_text": "ONLINE ONLY",
        "promo_text": "2 for $16",
        "link": "https://www.coles.com.au/product/gym-bod-ice-cream-vanilla-caramel-swirl-475ml-7074934"
    },
    {
        "product_code": "6050216",
        "category": "Frozen",
        "item_name": "Streets Calippo Mini Ice Raspberry Pineapple Ice Cream 10 pack | 575mL",
        "best_price": "$9.00",
        "best_unit_price": "$1.57 per 100ml",
        "item_price": "$9.00",
        "unit_price": "$1.57 per 100ml",
        "price_was": null,
        "special_text": null,
        "promo_text": null,
        "link": "https://www.coles.com.au/product/streets-calippo-mini-ice-raspberry-pineapple-ice-cream-10-pack-575ml-6050216"
    },
    {
        "product_code": "9368743",
        "category": "Frozen",
        "item_name": "Streets Paddle Pop Cyclone Ice Cream Sticks 8 pack | 688mL",
        "best_price": "$9.00",
        "best_unit_price": "$1.31 per 100ml",
        "item_price": "$9.00",
        "unit_price": "$1.31 per 100ml",
        "price_was": null,
        "special_text": null,
        "promo_text": null,
        "link": "https://www.coles.com.au/product/streets-paddle-pop-cyclone-ice-cream-sticks-8-pack-688ml-9368743"
    },
    {
        "product_code": "9992122",
        "category": "Frozen",
        "item_name": "Mars Chocolate Smooth Creamy Ice Bar 6 Pack | 295mL",
        "best_price": "$9.50",
        "best_unit_price": "$3.22 per 100ml",
        "item_price": "$9.50",
        "unit_price": "$3.22 per 100ml",
        "price_was": null,
        "special_text": null,
        "promo_text": null,
        "link": "https://www.coles.com.au/product/mars-chocolate-smooth-creamy-ice-bar-6-pack-295ml-9992122"
    },
    {
        "product_code": "4496065",
        "category": "Frozen",
        "item_name": "Gym Bod Chocolate Pudding | 475mL",
        "best_price": "$8.0",
        "best_unit_price": "$2.21 per 100ml",
        "item_price": "$10.50",
        "unit_price": "$2.21 per 100ml",
        "price_was": null,
        "special_text": "ONLINE ONLY",
        "promo_text": "2 for $16",
        "link": "https://www.coles.com.au/product/gym-bod-chocolate-pudding-475ml-4496065"
    },
    {
        "product_code": "1840211",
        "category": "Household",
        "item_name": "Bic 4 Colour Pen | 1 each",
        "best_price": "$3.20",
        "best_unit_price": "$3.20 per 1ea",
        "item_price": "$3.20",
        "unit_price": "$3.20 per 1ea",
        "price_was": null,
        "special_text": null,
        "promo_text": null,
        "link": "https://www.coles.com.au/product/bic-4-colour-pen-1-each-1840211"
    },
    {
        "product_code": "9579217",
        "category": "Household",
        "item_name": "OFF! Tropical Strength Insect Repellent Spray | 175mL",
        "best_price": "$10.90",
        "best_unit_price": "$6.23 per 100ml",
        "item_price": "$10.90",
        "unit_price": "$6.23 per 100ml",
        "price_was": null,
        "special_text": null,
        "promo_text": null,
        "link": "https://www.coles.com.au/product/off!-tropical-strength-insect-repellent-spray-175ml-9579217"
    },
    {
        "product_code": "3963733",
        "category": "Household",
        "item_name": "Glade Gel Air Freshener Jasmine | 70g",
        "best_price": "$3.00",
        "best_unit_price": "$4.29 per 100g",
        "item_price": "$3.00",
        "unit_price": "$4.29 per 100g",
        "price_was": null,
        "special_text": null,
        "promo_text": null,
        "link": "https://www.coles.com.au/product/glade-gel-air-freshener-jasmine-70g-3963733"
    },
    {
        "product_code": "3057591",
        "category": "Household",
        "item_name": "Glade Sense & Spray Automatic Air Freshener Sheer Vanilla Em ... 1 each",
        "best_price": "$17.50",
        "best_unit_price": "$17.50 per 1ea",
        "item_price": "$17.50",
        "unit_price": "$17.50 per 1ea",
        "price_was": null,
        "special_text": null,
        "promo_text": null,
        "link": "https://www.coles.com.au/product/glade-sense-and-spray-automatic-air-freshener-sheer-vanilla-embrace-1-each-3057591"
    },
    {
        "product_code": "2731030",
        "category": "Household",
        "item_name": "OMO Laundry Liquid Sensitive Front & Top | 2L",
        "best_price": "$14.00",
        "best_unit_price": "$7.00 per 1l",
        "item_price": "$14.00",
        "unit_price": "$7.00 per 1l",
        "price_was": "28.00",
        "special_text": "50%",
        "promo_text": null,
        "link": "https://www.coles.com.au/product/omo-laundry-liquid-sensitive-front-and-top-2l-2731030"
    },
    {
        "product_code": "4687664",
        "category": "Household",
        "item_name": "Comfort In-Wash Scent Booster Beads Luxury Perfume | 200g",
        "best_price": "$14.00",
        "best_unit_price": "$7.00 per 100g",
        "item_price": "$14.00",
        "unit_price": "$7.00 per 100g",
        "price_was": null,
        "special_text": null,
        "promo_text": null,
        "link": "https://www.coles.com.au/product/comfort-in-wash-scent-booster-beads-luxury-perfume-200g-4687664"
    },
    {
        "product_code": "5091637",
        "category": "Household",
        "item_name": "OMO Ultimate Laundry Liquid Detergent Sensitive 40 Washes | 2L",
        "best_price": "$32.00",
        "best_unit_price": "$16.00 per 1l",
        "item_price": "$32.00",
        "unit_price": "$16.00 per 1l",
        "price_was": null,
        "special_text": null,
        "promo_text": null,
        "link": "https://www.coles.com.au/product/omo-ultimate-laundry-liquid-detergent-sensitive-40-washes-2l-5091637"
    },
    {
        "product_code": "3057627",
        "category": "Household",
        "item_name": "Glade Sense & Spray Air Freshener Refill Sheer Vanilla Embrace | 12g",
        "best_price": "$7.50",
        "best_unit_price": "$62.50 per 100g",
        "item_price": "$7.50",
        "unit_price": "$62.50 per 100g",
        "price_was": null,
        "special_text": "EVERY DAY",
        "promo_text": null,
        "link": "https://www.coles.com.au/product/glade-sense-and-spray-air-freshener-refill-sheer-vanilla-embrace-12g-3057627"
    },
    {
        "product_code": "8643525",
        "category": "Household",
        "item_name": "Off! Tropical Strength Insect Repellent Aerosol Spray | 150g",
        "best_price": "$10.90",
        "best_unit_price": "$7.27 per 100g",
        "item_price": "$10.90",
        "unit_price": "$7.27 per 100g",
        "price_was": null,
        "special_text": null,
        "promo_text": null,
        "link": "https://www.coles.com.au/product/off!-tropical-strength-insect-repellent-aerosol-spray-150g-8643525"
    },
    {
        "product_code": "5004891",
        "category": "Household",
        "item_name": "OMO Ultimate Laundry Liquid Detergent 40 Washes | 2L",
        "best_price": "$32.00",
        "best_unit_price": "$16.00 per 1l",
        "item_price": "$32.00",
        "unit_price": "$16.00 per 1l",
        "price_was": null,
        "special_text": null,
        "promo_text": null,
        "link": "https://www.coles.com.au/product/omo-ultimate-laundry-liquid-detergent-40-washes-2l-5004891"
    },
    {
        "product_code": "8097221",
        "category": "Health & Beauty",
        "item_name": "Nature's Way Kids Smart Gummies Multi-Vitamin +Vegies | 120 pack",
        "best_price": "$30.00",
        "best_unit_price": "$25.00 per 100ea",
        "item_price": "$30.00",
        "unit_price": "$25.00 per 100ea",
        "price_was": null,
        "special_text": null,
        "promo_text": null,
        "link": "https://www.coles.com.au/product/nature's-way-kids-smart-gummies-multi-vitamin-+vegies-120-pack-8097221"
    },
    {
        "product_code": "2858198",
        "category": "Health & Beauty",
        "item_name": "Skin Republic Hyaluronic Acid + Collagen Face Mask | 1 pack",
        "best_price": "$9.00",
        "best_unit_price": "$9.00 per 1ea",
        "item_price": "$9.00",
        "unit_price": "$9.00 per 1ea",
        "price_was": null,
        "special_text": null,
        "promo_text": null,
        "link": "https://www.coles.com.au/product/skin-republic-hyaluronic-acid-+-collagen-face-mask-1-pack-2858198"
    },
    {
        "product_code": "2590798",
        "category": "Health & Beauty",
        "item_name": "Skin Republic Collagen Hydrogel Under Eye Patches | 6 pack",
        "best_price": "$11.00",
        "best_unit_price": "$3.67 per 1ea",
        "item_price": "$11.00",
        "unit_price": "$3.67 per 1ea",
        "price_was": null,
        "special_text": null,
        "promo_text": null,
        "link": "https://www.coles.com.au/product/skin-republic-collagen-hydrogel-under-eye-patches-6-pack-2590798"
    },
    {
        "product_code": "7061229",
        "category": "Health & Beauty",
        "item_name": "QV Ceramides Cream | 500g",
        "best_price": "$26.00",
        "best_unit_price": "$5.20 per 100g",
        "item_price": "$26.00",
        "unit_price": "$5.20 per 100g",
        "price_was": null,
        "special_text": null,
        "promo_text": null,
        "link": "https://www.coles.com.au/product/qv-ceramides-cream-500g-7061229"
    },
    {
        "product_code": "7060714",
        "category": "Health & Beauty",
        "item_name": "QV Gentle Wash | 350g",
        "best_price": "$13.00",
        "best_unit_price": "$3.71 per 100g",
        "item_price": "$13.00",
        "unit_price": "$3.71 per 100g",
        "price_was": null,
        "special_text": null,
        "promo_text": null,
        "link": "https://www.coles.com.au/product/qv-gentle-wash-350g-7060714"
    },
    {
        "product_code": "4975614",
        "category": "Health & Beauty",
        "item_name": "Skin Republic Pedi Peel | 52g",
        "best_price": "$23.00",
        "best_unit_price": "$44.23 per 100g",
        "item_price": "$23.00",
        "unit_price": "$44.23 per 100g",
        "price_was": null,
        "special_text": null,
        "promo_text": null,
        "link": "https://www.coles.com.au/product/skin-republic-pedi-peel-52g-4975614"
    },
    {
        "product_code": "7061171",
        "category": "Health & Beauty",
        "item_name": "QV Cream | 1kg",
        "best_price": "$39.00",
        "best_unit_price": "$3.90 per 100g",
        "item_price": "$39.00",
        "unit_price": "$3.90 per 100g",
        "price_was": null,
        "special_text": null,
        "promo_text": null,
        "link": "https://www.coles.com.au/product/qv-cream-1kg-7061171"
    },
    {
        "product_code": "7060565",
        "category": "Health & Beauty",
        "item_name": "QV Skin Lotion | 1L",
        "best_price": "$30.00",
        "best_unit_price": "$3.00 per 100ml",
        "item_price": "$30.00",
        "unit_price": "$3.00 per 100ml",
        "price_was": null,
        "special_text": null,
        "promo_text": null,
        "link": "https://www.coles.com.au/product/qv-skin-lotion-1l-7060565"
    },
    {
        "product_code": "7060543",
        "category": "Health & Beauty",
        "item_name": "QV Gentle Wash | 1kg",
        "best_price": "$30.00",
        "best_unit_price": "$3.00 per 100g",
        "item_price": "$30.00",
        "unit_price": "$3.00 per 100g",
        "price_was": null,
        "special_text": null,
        "promo_text": null,
        "link": "https://www.coles.com.au/product/qv-gentle-wash-1kg-7060543"
    },
    {
        "product_code": "3148405",
        "category": "Health & Beauty",
        "item_name": "Skin Republic Charcoal Peel Off Mask | 3 Pack",
        "best_price": "$11.00",
        "best_unit_price": "$3.67 per 1ea",
        "item_price": "$11.00",
        "unit_price": "$3.67 per 1ea",
        "price_was": null,
        "special_text": null,
        "promo_text": null,
        "link": "https://www.coles.com.au/product/skin-republic-charcoal-peel-off-mask-3-pack-3148405"
    }
]